@article{svaneborg_2020,
author = {Svaneborg, Carsten and Everaers, Ralf},
title = {Characteristic Time and Length Scales in Melts of Kremer–Grest Bead–Spring Polymers with Wormlike Bending Stiffness},
journal = {Macromolecules},
volume = {53},
number = {6},
pages = {1917-1941},
year = {2020},
doi = {10.1021/acs.macromol.9b02437},

URL = { 
        https://doi.org/10.1021/acs.macromol.9b02437
    
},
eprint = { 
        https://doi.org/10.1021/acs.macromol.9b02437
    
}

}

 @book{colby_polymer_phsyics, 
    title={Polymer Physics}, 
    publisher={Oxford university press}, 
    author={Michael Rubinstein, Rahlph H. Colby}, 
    year={2005}
}